@misc{RushdiShams2014May,
	author = {{Rushdi Shams}},
	title = {{Weka Tutorial 36: Learning Curve 1 (Model Evaluation)}},
	year = {2014},
	month = {May},
	publisher = {Youtube},
	note = {[Online; accessed 18. Feb. 2019]},
	url = {https://www.youtube.com/watch?v=ArU4x0Lnwi4&t=337s}
}
