@article{breuel2015benchmarking,
  title={Benchmarking of LSTM networks},
  author={Breuel, Thomas M},
  journal={arXiv preprint arXiv:1508.02774},
  year={2015}
}
@article{gers2002learning,
  title={Learning precise timing with LSTM recurrent networks},
  author={Gers, Felix A and Schraudolph, Nicol N and Schmidhuber, J{\"u}rgen},
  journal={Journal of machine learning research},
  volume={3},
  number={Aug},
  pages={115--143},
  year={2002}
}
